@article{yarkoni2011large,
  title={Large-scale automated synthesis of human functional neuroimaging data},
  author={Yarkoni, Tal and Poldrack, Russell A and Nichols, Thomas E and Van Essen, David C and Wager, Tor D},
  journal={Nature methods},
  volume={8},
  number={8},
  pages={665--670},
  year={2011},
  publisher={Nature Publishing Group}
}

@article{sanmi2013multi,
  title={Decoding Cognitive Processes from functional MRI},
  author={Oluwasanmi, Koyejo and Poldrack, Russell A},
  journal = {NIPS workshop on Machine Learning and Interpretation in Neuroimaging},
  year ={2013}
}


@article{PMSKBY12,
    author = {Poldrack, , Russell A. AND Mumford, , Jeanette A. AND Schonberg, , Tom AND Kalar, , Donald AND Barman, , Bishal AND Yarkoni, , Tal},
    journal = {PLoS Comput Biol},
    publisher = {Public Library of Science},
    title = {Discovering Relations Between Mind, Brain, and Mental Disorders Using Topic Mapping},
    year = {2012},
    month = {10},
    volume = {8},
    pages = {e1002707},
    number = {10},
}        


@article{schwartz2013mapping,
  title={Mapping cognitive ontologies to and from the brain},
  author={Schwartz, Yannick and Thirion, Bertrand and Varoquaux, Gael and Team, Parietal and Ile-de-France, Inria Saclay},
  journal={Advances in Neural Information Processing Systems (NIPS)},
  year={2013}
}

% transfer learning survey
@article{pan2010survey,
  title={A survey on transfer learning},
  author={Pan, Sinno Jialin and Yang, Qiang},
  journal={Knowledge and Data Engineering, IEEE Transactions on},
  volume={22},
  number={10},
  pages={1345--1359},
  year={2010},
  publisher={IEEE}
}

@article{taylor2009transfer,
  title={Transfer learning for reinforcement learning domains: A survey},
  author={Taylor, Matthew E and Stone, Peter},
  journal={The Journal of Machine Learning Research},
  volume={10},
  pages={1633--1685},
  year={2009},
  publisher={JMLR. org}
}

@incollection{jiang2012transfer,
  title={Transfer spectral clustering},
  author={Jiang, Wenhao and Chung, Fu-lai},
  booktitle={Machine Learning and Knowledge Discovery in Databases},
  pages={789--803},
  year={2012},
  publisher={Springer}
}


@inproceedings{dai2008self,
  title={Self-taught clustering},
  author={Dai, Wenyuan and Yang, Qiang and Xue, Gui-Rong and Yu, Yong},
  booktitle={Proceedings of the 25th international conference on Machine learning},
  pages={200--207},
  year={2008},
  organization={ACM}
}

@article{poldrack2013toward,
  title={Toward open sharing of task-based fMRI data: the OpenfMRI project},
  author={Poldrack, Russell A and Barch, Deanna M and Mitchell, Jason P and Wager, Tor D and Wagner, Anthony D and Devlin, Joseph T and Cumba, Chad and Koyejo, Oluwasanmi and Milham, Michael P},
  journal={Frontiers in neuroinformatics},
  volume={7},
  year={2013},
  publisher={Frontiers Media SA}
}

@article{zhang2013review,
  title={A review on multi-label learning algorithms},
  author={Zhang, M and Zhou, Z},
  year={2013},
  publisher={IEEE}
}
